@article{nakamoto2008,
  title={Bitcoin: A peer-to-peer electronic cash system},
  author={Nakamoto, Satoshi},
  year={2008}
}

@article{buterin2013,
  author={Vitalik Buterin},
  title={Ethereum: A Next-Generation Smart Contract and Decentralized Application Platform},
  year={2013},
  url={https://github.com/ethereum/wiki/wiki/White-Paper}
}

@article{popov2017,
  title={The Tangle},
  author={Serguei Popov},
  year={2017},
  url={https://iotatoken.com/IOTA_Whitepaper.pdf}
}

@inproceedings{kaskaloglu2014,
  title={Near zero Bitcoin transaction fees cannot last forever},
  author={Kaskaloglu, Kerem},
  booktitle={The International Conference on Digital Security and Forensics (DigitalSec2014)},
  pages={91--99},
  year={2014},
  organization={The Society of Digital Information and Wireless Communication}
}

@article{van2014,
  title={Why Bitcoin has value},
  author={Van Alstyne, Marshall},
  journal={Communications of the ACM},
  volume={57},
  number={5},
  pages={30--32},
  year={2014},
  publisher={ACM}
}

@article{andreessen2014,
  title={Why bitcoin matters},
  author={Andreessen, Marc},
  journal={New York Times},
  volume={21},
  year={2014}
}

@article{pilkington2016,
  title={Blockchain technology: principles and applications},
  author={Pilkington, Marc},
  journal={Research handbook on digital transformations},
  pages={225},
  year={2016},
  publisher={Edward Elgar Publishing}
}

@inproceedings{karame2012,
  title={Double-spending fast payments in bitcoin},
  author={Karame, Ghassan O and Androulaki, Elli and Capkun, Srdjan},
  booktitle={Proceedings of the 2012 ACM conference on Computer and communications security},
  pages={906--917},
  year={2012},
  organization={ACM}
}

@inproceedings{everaere2010,
  title={Double spending protection for e-cash based on risk management},
  author={Everaere, Patricia and Simplot-Ryl, Isabelle and Traor{\'e}, Issa},
  booktitle={International Conference on Information Security},
  pages={394--408},
  year={2010},
  organization={Springer}
}

@techreport{boyen2016,
  title={Blockchain-free cryptocurrencies: A framework for truly decentralised fast transactions},
  author={Boyen, Xavier and Carr, Christopher and Haines, Thomas},
  year={2016},
  institution={Cryptology ePrint Archive, Report 2016/871}
}

@inproceedings{moser2015,
  title={Trends, Tips, Tolls: A Longitudinal Study of Bitcoin Transaction Fees},
  author={M{\"o}ser, Malte and B{\"o}hme, Rainer},
  booktitle={International Conference on Financial Cryptography and Data Security},
  pages={19--33},
  year={2015},
  organization={Springer}
}

@article{kiayias2015,
  title={Speed-Security Tradeoffs in Blockchain Protocols.},
  author={Kiayias, Aggelos and Panagiotakos, Giorgos},
  journal={IACR Cryptology ePrint Archive},
  volume={2015},
  pages={1019},
  year={2015}
}
